@Book{Bur11,
  author =	"W. Burnside",
  title =	"Theory of Groups of Finite Order",
  publisher =	"Cambridge University Press. Reprinted by Dover 1955",
  year = 	"1911",
  address =		"New York",
  edition =		"2nd",
}

@Article{Dix67,
  author =	"J. D. Dixon",
  title =	"High speed computation of group characters",
  journal =	"Numerische Mathematik",
  volume =	"10",
  number =	"5",
  pages =	"446--450",
  year = 	"1967",
}

@Book{Isa76,
  author =	"I. M. Isaacs",
  title =	"Character Theory of Finite Groups",
  publisher =	"Academic Press",
  year = 	"1976",
  address =	"Berlin, Heidelberg, New York",
}

@Book{CR81,
  author =	"C. W. Curtis and I. Reiner",
  title =	"Methods of representation theory: with applications to finite groups and orders",
  volume = 	"1",
  publisher =	"Wiley",
  year = 	"1981",
}

@Article{LLL82,
  author =  {A. K. Lenstra and H. W. Lenstra and L. Lov{\'a}sz},
  title =  {Factoring polynomials with rational coefficients},
	journal = {Math. Ann.},
	year =  1982,
	volume = 261,
	pages = {515--534}
}

@Article {Sla86,
    AUTHOR = {M. C. Slattery},
     TITLE = {Computing character degrees in {$p$}-groups},
   JOURNAL = {J. Symb. Comput.},
    VOLUME = {2},
      YEAR = {1986},
    NUMBER = {1},
     PAGES = {51--58},
}

@Book{CR87,
  author =	"C. W. Curtis and I. Reiner",
  title =	"Methods of representation theory: with applications to finite groups and orders",
  volume = 	"2",
  publisher =	"Wiley",
  year = 	"1987",
}

@Article{Con90,
  author =	"S. B. Conlon",
  title =	"Calculating Characters of p-Groups",
  journal =	"J. Symb. Comput.",
  year = 	"1990",
  number =	"5/6",
  volume =	"9",
  pages =	"535--550",
}

@Article{Sch90,
  author =	"G. J. A. Schneider",
  title =	"Dixon's Character Table Algorithm Revisited",
  journal =	"J. Symb. Comput.",
  year = 	"1990",
  number =	"5/6",
  volume =	"9",
  pages =	"601--606",
}

@Book{Hup98,
  author =	"B. Huppert",
  title =	"Character Theory of Finite Groups",
  publisher =	"W. de Gruyter",
  year = 	"1998",
  address = 	"Berlin",
}

@Book{JL01,
  author =	"G. James and M. Liebeck",
  title =	"Representations and characters of groups",
  publisher =	"Cambridge University Press",
  year = 	"2001",
}

@Book{Ser03,
  author =	"{\'A}. Seress",
  title =	"Permutation Group Algorithms",
  publisher =	"Cambridge University Press",
  year = 	"2003",
}

@Book{HEO05,
  author =	"D. F. Holt and B. Eick and E. A. O'Brien",
  title =	"A Handbook of Computational Group Theory",
  publisher =	"Chapman and Hall",
  year = 	"2005",
}

@Article{Ung06,
  author =	"W. R. Unger",
  title =	"Computing the character table of a finite group",
  journal =	"J. Symb. Comput.",
  year = 	"2006",
  number =	"8",
  volume =	"41",
  pages =	"847--862",
}
