@Book{Bur11,
	author		= "W. Burnside",
	title		= "Theory of Groups of Finite Order",
	publisher	= "Cambridge University Press. Reprinted by Dover 1955",
	year		= "1911",
	address		= "New York",
	edition		= "2nd",
}

@Article{Dix67,
	author		= "J. D. Dixon",
	title		= "High speed computation of group characters",
	journal		= "Numerische Mathematik",
	volume		= "10",
	number		= "5",
	pages		= "446--450",
	year		= "1967",
}

@InProceedings{Sim70,
	author		= "C. C. Sims",
	title		= "Computational methods in the study of permutation groups",
	booktitle	= "Computational problems in abstract algebra",
	year		= "1970",
	pages		= "169--183",
}

@Book{Isa76,
	author		= "I. M. Isaacs",
	title		= "Character Theory of Finite Groups",
	publisher	= "Academic Press",
	year		= "1976",
	address		= "Berlin, Heidelberg, New York",
}

@Article{CZ81,
	author		= "D. G. Cantor and H. Zassenhaus",
	title		= "A New Algorithm for Factoring Polynomials Over Finite Fields",
	journal		= "Math. of Comput.",
	volume		= "36",
	year		= "1981",
	number		= "154",
	pages		= "587--592",
}

@Book{CR81,
	author		= "C. W. Curtis and I. Reiner",
	title		= "Methods of representation theory: with applications to finite groups and orders",
	volume		= "1",
	publisher	= "Wiley",
	year		= "1981",
}

@Article{LLL82,
	author		= "A. K. Lenstra and H. W. Lenstra and L. Lov{\'a}sz",
	title		= "Factoring polynomials with rational coefficients",
	journal		= "Math. Ann.",
	year		= "1982",
	volume		= "261",
	pages		= "515--534",
}

@InProceedings{BS84,
	author		= "L. Babai and E. Szemer{\'e}di",
	title		= "On The Complexity Of Matrix Group Problems I",
	booktitle	= "25th Ann. Symp. on Found. of Comp. Sci.",
	year		= "1984",
	pages		= "229--240",
}

@Article{Sla86,
	author		= "M. C. Slattery",
	title		= "Computing character degrees in {$p$}-groups",
	journal		= "J. Symb. Comput.",
	volume		= "2",
	year		= "1986",
	number		= "1",
	pages		= "51--58",
}

@Book{CR87,
	author		= "C. W. Curtis and I. Reiner",
	title		= "Methods of representation theory: with applications to finite groups and orders",
	volume		= "2",
	publisher	= "Wiley",
	year		= "1987",
}

@Article{Con90,
	author		= "S. B. Conlon",
	title		= "Calculating Characters of p-Groups",
	journal		= "J. Symb. Comput.",
	year		= "1990",
	number		= "5/6",
	volume		= "9",
	pages		= "535--550",
}

@Article{Sch90,
	author		= "G. J. A. Schneider",
	title		= "Dixon's Character Table Algorithm Revisited",
	journal		= "J. Symb. Comput.",
	year		= "1990",
	number		= "5/6",
	volume		= "9",
	pages		= "601--606",
}

@Article{Knu91,
	author		= "D. E. Knuth",
	title		= "Efficient representation of perm groups",
	journal		= "Combinatorica",
	year		= "1991",
	number		= "1",
	volume		= "11",
	pages		= "33--43",
}

@InCollection{Luk93,
	author		= "E. M. Luks",
	title		= "Permutation groups and polynomial-time computations",
	booktitle	= "Groups and computation",
	year		= "1993",
	publisher	= "Amer. Math. Soc.",
	series		= "DIMACS",
	volume		= "11",
	pages		= "139--175",
}

@InProceedings{Jer95,
	author		= "M. Jerrum",
	title		= "Computational {P}Ã³lya theory",
	booktitle	= "In Surveys in combinatorics",
	year		= "1995",
	pages		= "103--118",
	publisher	= "University Press",
}

@Book{Hup98,
	author		= "B. Huppert",
	title		= "Character Theory of Finite Groups",
	publisher	= "W. de Gruyter",
	year		= "1998",
	address		= "Berlin",
}

@Book{JL01,
	author		= "G. James and M. Liebeck",
	title		= "Representations and characters of groups",
	publisher	= "Cambridge University Press",
	year		= "2001",
}

@BachelorsThesis{Mur03,
	author		= "S. H. Murray",
	title		= "The {S}chreier-{S}ims algorithm",
	school		= "Australian National University",
	year		= "2003",
	month		= "November",
}

@Book{Ser03,
	author		= "{\'A}. Seress",
	title		= "Permutation Group Algorithms",
	publisher	= "Cambridge University Press",
	year		= "2003",
}

@Book{HEO05,
	author		= "D. F. Holt and B. Eick and E. A. O'Brien",
	title		= "A Handbook of Computational Group Theory",
	publisher	= "Chapman and Hall",
	year		= "2005",
}

@Article{Ung06,
	author		= "W. R. Unger",
	title		= "Computing the character table of a finite group",
	journal		= "J. Symb. Comput.",
	year		= "2006",
	number		= "8",
	volume		= "41",
	pages		= "847--862",
}

@Unpublished{Nag11,
	author		= "G. G. Nagy",
	title		= "Group{E}xt - {G}roup {T}heory {E}xtensions for {M}athematica 8",
	year		= "2011",
	note		= "\url{https://github.com/ngg/groupext}",
}
